<record><leader>00000cas a22000007a 4500</leader><controlfield tag="001">18474854</controlfield><controlfield tag="008">880912d18761876mdudn ne      0    0eng d</controlfield><datafield ind1=" " ind2=" " tag="010"><subfield code="a">sn 88065707 </subfield></datafield><datafield ind1=" " ind2=" " tag="040"><subfield code="a">MFN</subfield><subfield code="b">eng</subfield><subfield code="c">MFN</subfield><subfield code="d">OCLCQ</subfield></datafield><datafield ind1=" " ind2=" " tag="042"><subfield code="a">msc</subfield></datafield><datafield ind1="0" ind2=" " tag="130"><subfield code="a">Cumberland Alleganian (Cumberland, Md. : Daily)</subfield></datafield><datafield ind1="1" ind2="4" tag="245"><subfield code="a">The Cumberland Alleganian.</subfield></datafield><datafield ind1=" " ind2=" " tag="260"><subfield code="a">Cumberland, Md. :</subfield><subfield code="b">L.G. Stephens, T.B. Taylor</subfield></datafield><datafield ind1=" " ind2=" " tag="300"><subfield code="a">v.</subfield></datafield><datafield ind1=" " ind2=" " tag="310"><subfield code="a">Daily (except Sun.)</subfield></datafield><datafield ind1="1" ind2=" " tag="362"><subfield code="a">Began in Jan. 1876?</subfield></datafield><datafield ind1="0" ind2=" " tag="362"><subfield code="a">-v. 1, no. 120 (May 27, 1876).</subfield></datafield><datafield ind1=" " ind2=" " tag="588"><subfield code="a">Description based on: Vol. 1, no. 2 (Jan. 12, 1876).</subfield></datafield><datafield ind1=" " ind2=" " tag="752"><subfield code="a">United States</subfield><subfield code="b">Maryland</subfield><subfield code="c">Allegany</subfield><subfield code="d">Cumberland.</subfield></datafield><datafield ind1="0" ind2=" " tag="775"><subfield code="t">Cumberland Alleganian (Cumberland, Md. : 1867)</subfield><subfield code="w">(DLC)sn 83016153</subfield></datafield><datafield ind1="0" ind2="7" tag="785"><subfield code="t">Cumberland daily times (Cumberland, Md. : 1872)</subfield><subfield code="w">(DLC)sn 88065705</subfield></datafield><datafield ind1="0" ind2="7" tag="785"><subfield code="t">Cumberland Alleganian and daily times</subfield><subfield code="w">(DLC)sn 85025241</subfield></datafield><datafield ind1="1" ind2=" " tag="029"><subfield code="a">AU@</subfield><subfield code="b">000025826977</subfield></datafield></record>